<record><leader>00000cas a2200000 a 4500</leader><controlfield tag="001">10313712</controlfield><controlfield tag="007">hd afv---baca</controlfield><controlfield tag="008">840118d18351839mduwr nea     0    0eng d</controlfield><datafield ind1=" " ind2=" " tag="010"><subfield code="a">sf 89090730 </subfield></datafield><datafield ind1=" " ind2=" " tag="040"><subfield code="a">PES</subfield><subfield code="b">eng</subfield><subfield code="c">PES</subfield><subfield code="d">DLC</subfield><subfield code="d">FUG</subfield><subfield code="d">OCL</subfield><subfield code="d">OCLCQ</subfield><subfield code="d">CRU</subfield><subfield code="d">DLC</subfield><subfield code="d">OCLCF</subfield><subfield code="d">OCLCO</subfield><subfield code="d">OCLCQ</subfield></datafield><datafield ind1=" " ind2=" " tag="012"><subfield code="i">9310</subfield></datafield><datafield ind1=" " ind2=" " tag="042"><subfield code="a">msc</subfield></datafield><datafield ind1=" " ind2=" " tag="043"><subfield code="a">n-us-md</subfield></datafield><datafield ind1="0" ind2="0" tag="050"><subfield code="a">Microfilm 01104 no. 1063 AP</subfield></datafield><datafield ind1="1" ind2="4" tag="050"><subfield code="a">AP2</subfield><subfield code="b">.A1 APSII reel 1063</subfield></datafield><datafield ind1="0" ind2="4" tag="082"><subfield code="a">051</subfield><subfield code="b">A51p2</subfield></datafield><datafield ind1="0" ind2=" " tag="130"><subfield code="a">Farmer &amp; gardener (Baltimore, Md.)</subfield></datafield><datafield ind1="1" ind2="4" tag="245"><subfield code="a">The farmer &amp; gardener.</subfield></datafield><datafield ind1="3" ind2=" " tag="246"><subfield code="a">Farmer and gardener</subfield></datafield><datafield ind1=" " ind2=" " tag="260"><subfield code="a">Baltimore :</subfield><subfield code="b">Sinclair &amp; Moore, and Robert Sinclair, Jr.,</subfield><subfield code="c">1835-1839.</subfield></datafield><datafield ind1=" " ind2=" " tag="300"><subfield code="a">5 volumes :</subfield><subfield code="b">illustrations ;</subfield><subfield code="c">28 cm</subfield></datafield><datafield ind1=" " ind2=" " tag="310"><subfield code="a">Weekly</subfield></datafield><datafield ind1=" " ind2=" " tag="336"><subfield code="a">text</subfield><subfield code="b">txt</subfield><subfield code="2">rdacontent</subfield></datafield><datafield ind1=" " ind2=" " tag="337"><subfield code="a">microform</subfield><subfield code="b">h</subfield><subfield code="2">rdamedia</subfield></datafield><datafield ind1=" " ind2=" " tag="338"><subfield code="a">microfilm reel</subfield><subfield code="b">hd</subfield><subfield code="2">rdacarrier</subfield></datafield><datafield ind1="0" ind2=" " tag="362"><subfield code="a">Vol. 2, no. 1 (May 5, 1835)-v. 6, no. 4 (May 22, 1839).</subfield></datafield><datafield ind1=" " ind2=" " tag="500"><subfield code="a">The Farmer &amp; Gardener was one of the most successful of the early farm papers and had the endorsement of such men as Jefferson, Madison, and Pickering. Founded by John S. Skinner, a postmaster at Baltimore, this partly eclectic magazine began as an eight-page quarto devoted to "rural economy, internal improvements, news, prices current," and ran through a dozen series to its end in 1897. It was illustrated throughout its long life, and contained news on agriculture, horitculture, and livestock, market prices, and activities of agricultural societies. Cf. American periodicals, 1741-1900.</subfield></datafield><datafield ind1=" " ind2=" " tag="500"><subfield code="a">Pagination is irregular. Some pages are stained.</subfield></datafield><datafield ind1=" " ind2=" " tag="500"><subfield code="a">Title from caption.</subfield></datafield><datafield ind1=" " ind2=" " tag="550"><subfield code="a">Imprint varies: published later by E.P. Roberts and Samuel Sands.</subfield></datafield><datafield ind1=" " ind2=" " tag="533"><subfield code="a">Microfilm.</subfield><subfield code="b">Ann Arbor, Mich. :</subfield><subfield code="c">University Microfilms.</subfield><subfield code="e">1 microfilm reel ; 35 mm.</subfield><subfield code="f">(American periodical series, 1800-1850 ; 1063).</subfield></datafield><datafield ind1=" " ind2="0" tag="650"><subfield code="a">Agriculture</subfield><subfield code="v">Newspapers.</subfield></datafield><datafield ind1=" " ind2="0" tag="651"><subfield code="a">Baltimore (Md.)</subfield><subfield code="v">Newspapers.</subfield></datafield><datafield ind1=" " ind2="7" tag="650"><subfield code="a">Agriculture.</subfield><subfield code="2">fast</subfield><subfield code="0">(OCoLC)fst00801355</subfield></datafield><datafield ind1=" " ind2="7" tag="651"><subfield code="a">Maryland</subfield><subfield code="z">Baltimore.</subfield><subfield code="2">fast</subfield><subfield code="0">(OCoLC)fst01204292</subfield></datafield><datafield ind1=" " ind2="7" tag="655"><subfield code="a">Newspapers.</subfield><subfield code="2">fast</subfield><subfield code="0">(OCoLC)fst01423814</subfield></datafield><datafield ind1=" " ind2=" " tag="752"><subfield code="a">United States</subfield><subfield code="b">Maryland</subfield><subfield code="d">Baltimore.</subfield></datafield><datafield ind1="1" ind2=" " tag="776"><subfield code="t">Farmer &amp; gardener (Baltimore, Md.)</subfield><subfield code="x">2160-7354</subfield><subfield code="w">(DLC)sn 89060420</subfield><subfield code="w">(OCoLC)9000172</subfield></datafield><datafield ind1="0" ind2="0" tag="780"><subfield code="t">Farmer &amp; gardener, and Live-stock breeder &amp; manager</subfield><subfield code="w">(OCoLC)10313696</subfield></datafield><datafield ind1="0" ind2="0" tag="785"><subfield code="t">American farmer, and spirit of the agricultural journals of the day</subfield><subfield code="w">(DLC)sf 89090731</subfield><subfield code="w">(OCoLC)10313724</subfield></datafield><datafield ind1=" " ind2="0" tag="830"><subfield code="a">American periodical series, 1800-1850 ;</subfield><subfield code="v">1063.</subfield></datafield><datafield ind1=" " ind2=" " tag="850"><subfield code="a">CU-A</subfield><subfield code="a">FU</subfield></datafield><datafield ind1="1" ind2=" " tag="029"><subfield code="a">AU@</subfield><subfield code="b">000020128681</subfield></datafield></record>